<record><leader>00000cas a22000007a 4500</leader><controlfield tag="001">19298071</controlfield><controlfield tag="008">890306d18921894gauwr ne      0    0eng d</controlfield><datafield ind1=" " ind2=" " tag="010"><subfield code="a">sn 89053033 </subfield></datafield><datafield ind1=" " ind2=" " tag="040"><subfield code="a">NLG</subfield><subfield code="b">eng</subfield><subfield code="c">NLG</subfield><subfield code="d">GUA</subfield><subfield code="d">OCLCQ</subfield><subfield code="d">OCLCF</subfield><subfield code="d">OCLCO</subfield></datafield><datafield ind1="1" ind2=" " tag="029"><subfield code="a">AU@</subfield><subfield code="b">000025900361</subfield></datafield><datafield ind1=" " ind2=" " tag="042"><subfield code="a">msc</subfield></datafield><datafield ind1=" " ind2=" " tag="043"><subfield code="a">n-us-ga</subfield></datafield><datafield ind1="0" ind2="0" tag="245"><subfield code="a">Fort Gaines weakly herald.</subfield></datafield><datafield ind1=" " ind2=" " tag="260"><subfield code="a">Fort Gaines, Clay County, Ga. :</subfield><subfield code="b">Britt Grouby,</subfield><subfield code="c">[1892-1894]</subfield></datafield><datafield ind1=" " ind2=" " tag="300"><subfield code="a">v.</subfield></datafield><datafield ind1=" " ind2=" " tag="310"><subfield code="a">Weekly</subfield></datafield><datafield ind1="1" ind2=" " tag="362"><subfield code="a">Began in 1892.</subfield></datafield><datafield ind1="0" ind2=" " tag="362"><subfield code="a">-v. 3, no. 52 (Jan. 5, 1894).</subfield></datafield><datafield ind1=" " ind2=" " tag="530"><subfield code="a">Also on microfilm: Athens, Ga. : University of Georgia Libraries.</subfield></datafield><datafield ind1=" " ind2=" " tag="588"><subfield code="a">Description based on: Vol. 1, no. 16 (Apr. 22, 1892).</subfield></datafield><datafield ind1=" " ind2="0" tag="651"><subfield code="a">Fort Gaines (Ga.)</subfield><subfield code="v">Newspapers.</subfield></datafield><datafield ind1=" " ind2="0" tag="651"><subfield code="a">Clay County (Ga.)</subfield><subfield code="v">Newspapers.</subfield></datafield><datafield ind1=" " ind2="7" tag="655"><subfield code="a">Newspapers.</subfield><subfield code="2">fast</subfield><subfield code="0">(OCoLC)fst01423814</subfield></datafield><datafield ind1=" " ind2="7" tag="651"><subfield code="a">Georgia</subfield><subfield code="z">Clay County.</subfield><subfield code="2">fast</subfield><subfield code="0">(OCoLC)fst01206490</subfield></datafield><datafield ind1=" " ind2="7" tag="651"><subfield code="a">Georgia</subfield><subfield code="z">Fort Gaines.</subfield><subfield code="2">fast</subfield><subfield code="0">(OCoLC)fst01276075</subfield></datafield><datafield ind1=" " ind2=" " tag="752"><subfield code="a">United States</subfield><subfield code="b">Georgia</subfield><subfield code="c">Clay</subfield><subfield code="d">Fort Gaines.</subfield></datafield><datafield ind1="0" ind2="0" tag="780"><subfield code="t">Weakly herald</subfield><subfield code="w">(DLC)sn 89053034</subfield><subfield code="w">(OCoLC)19298054</subfield></datafield><datafield ind1="0" ind2="0" tag="785"><subfield code="t">Fort Gaines herald</subfield><subfield code="w">(DLC)sn 89053032</subfield><subfield code="w">(OCoLC)19297928</subfield></datafield></record>